%% This BibTeX bibliography file was created using BibDesk.
%% https://bibdesk.sourceforge.io/

%% Created for Paduan Donadio, Marcio at 2019-09-13 13:28:08 -0700 


%% Saved with string encoding Unicode (UTF-8) 



@inproceedings{injector-commissioning-2007,
	Address = {Novosibirsk, Russia},
	Author = {D. H. Dowell and R. Akre and Y. Ding and P. Emma and J. Frisch and S. Gilevich and G. Hays and Ph. Hering and Z. Huang and R. Iverson and C. Limborg-Deprey and H. Loos and A. Miahnahri and J. Schmerge and J. Turner and J. Welch and W. White and J. Wu and L. Froelich and T. Limberg and E. Prat},
	Booktitle = {Proc. of {FEL}'07},
	Date-Added = {2019-09-06 12:36:35 -0700},
	Date-Modified = {2019-09-06 16:58:24 -0700},
	Month = {aug},
	Pages = {276-283},
	Title = {COMMISSIONING RESULTS OF THE {LCLS} INJECTOR},
	Year = {2007, paper WEAAU01},
	Bdsk-File-1 = {YnBsaXN0MDDSAQIDBFxyZWxhdGl2ZVBhdGhZYWxpYXNEYXRhXxAqU3VwcG9ydCBwYXBlcnMvQ29tbWlzaW9uaW5nUmVzdWx0czIwMDcucGRmTxEB1AAAAAAB1AACAAAMTWFjaW50b3NoIEhEAAAAAAAAAAAAAAAAAAAAAAAAAEJEAAH/////G0NvbW1pc2lvbmluZ1Jlc3VsdHMyMDA3LnBkZgAAAAAAAAAAAAAAAAAAAAAAAAAAAAAAAAAAAAAAAAAAAAAAAP////8AAAAAAAAAAAAAAAAAAQADAAAKIGN1AAAAAAAAAAAAAAAAAA5TdXBwb3J0IHBhcGVycwACAF0vOlVzZXJzOm1hcmNpbzpEb2N1bWVudHM6TWFyY2lvOlNMQUM6SUNBTEVQQ1NfMjAxOTpTdXBwb3J0IHBhcGVyczpDb21taXNpb25pbmdSZXN1bHRzMjAwNy5wZGYAAA4AOAAbAEMAbwBtAG0AaQBzAGkAbwBuAGkAbgBnAFIAZQBzAHUAbAB0AHMAMgAwADAANwAuAHAAZABmAA8AGgAMAE0AYQBjAGkAbgB0AG8AcwBoACAASABEABIAW1VzZXJzL21hcmNpby9Eb2N1bWVudHMvTWFyY2lvL1NMQUMvSUNBTEVQQ1NfMjAxOS9TdXBwb3J0IHBhcGVycy9Db21taXNpb25pbmdSZXN1bHRzMjAwNy5wZGYAABMAAS8AABUAAgAN//8AAAAIAA0AGgAkAFEAAAAAAAACAQAAAAAAAAAFAAAAAAAAAAAAAAAAAAACKQ==}}

@inproceedings{blen-pac07,
	Address = {Albuquerque, New Mexico, USA},
	Author = {H. Loos and T. Borden and P. Emma and J. Frisch and J. Wu},
	Booktitle = {Proc. {PAC}'07},
	Date-Added = {2019-08-30 16:24:16 -0700},
	Date-Modified = {2019-09-05 17:57:09 -0700},
	Month = {jun},
	Pages = {4189-4191},
	Read = {1},
	Title = {RELATIVE BUNCH LENGTH MONITOR FOR THE LINAC COHERENT LIGHT SOURCE ({LCLS}) USING COHERENT EDGE RADIATION},
	Year = {2007, paper FRPMS071},
	Bdsk-File-1 = {YnBsaXN0MDDSAQIDBFxyZWxhdGl2ZVBhdGhZYWxpYXNEYXRhXxAkU3VwcG9ydCBwYXBlcnMvQnVuY2hMZW5ndGhfUEFDMDcuUERGTxEBvAAAAAABvAACAAAMTWFjaW50b3NoIEhEAAAAAAAAAAAAAAAAAAAAAAAAAEJEAAH/////FUJ1bmNoTGVuZ3RoX1BBQzA3LlBERgAAAAAAAAAAAAAAAAAAAAAAAAAAAAAAAAAAAAAAAAAAAAAAAAAAAAAAAP////8AAAAAAAAAAAAAAAAAAQADAAAKIGN1AAAAAAAAAAAAAAAAAA5TdXBwb3J0IHBhcGVycwACAFcvOlVzZXJzOm1hcmNpbzpEb2N1bWVudHM6TWFyY2lvOlNMQUM6SUNBTEVQQ1NfMjAxOTpTdXBwb3J0IHBhcGVyczpCdW5jaExlbmd0aF9QQUMwNy5QREYAAA4ALAAVAEIAdQBuAGMAaABMAGUAbgBnAHQAaABfAFAAQQBDADAANwAuAFAARABGAA8AGgAMAE0AYQBjAGkAbgB0AG8AcwBoACAASABEABIAVVVzZXJzL21hcmNpby9Eb2N1bWVudHMvTWFyY2lvL1NMQUMvSUNBTEVQQ1NfMjAxOS9TdXBwb3J0IHBhcGVycy9CdW5jaExlbmd0aF9QQUMwNy5QREYAABMAAS8AABUAAgAN//8AAAAIAA0AGgAkAEsAAAAAAAACAQAAAAAAAAAFAAAAAAAAAAAAAAAAAAACCw==}}

@inproceedings{atca-bpm-2017,
	Address = {Copenhagen, Denmark},
	Author = {Andrew Young and Richard Claus and John Mitchell D'Ewart and Josef Frisch and Gunther Haller and Ryan Herbst and Sonya Hoobler and Uro{\v s} Legat and Jeff Olsen and Larry Ruckman and Leonid Sapozhnikov and Stephen Smith and Till Straumann and Jesus Alejandro Vasquez and Matthew Weaver and Ernest Williams and Chengcheng Xu},
	Booktitle = {Proc. of {IPAC}'17},
	Doi = {10.18429/JACoW-IPAC2017-MOPAB149},
	Month = {may},
	Pages = {477-479},
	Title = {DESIGN OF {LCLS-II} {ATCA} {BPM} SYSTEM},
	Year = {2017},
	Bdsk-Url-1 = {https://doi.org/10.18429/JACoW-IPAC2017-MOPAB149}}

@unpublished{ryan-2016,
	Addendum = {unpublished},
	Address = {Oak Ridge, Tennessee, USA},
	Author = {Ryan Herbst},
	Date-Modified = {2019-09-13 13:28:03 -0700},
	Eventtitle = {{EPICS} Collaboration Meeting},
	Month = {sep},
	Title = {{ATCA} Based Accelerator Controls \& Detector Platform},
	Year = {2016}}
